@Article{Auth09,
  author       = {First Author and S. Writer and Scientist, Third},
  title	       = {Any title for the article, authors to be separated
                  by \verb|and|},
  journal      = {New Journal of Biliography},
  year	       = 2009,
  volume       = 21,
  pages	       = {10-28}
}

@Book{Mono08,
  author       = {Novel Author and Interesting Writer},
  title	       = {Experiences with Book Writing},
  publisher    = {Random Mouse},
  year	       = 2008,
  address      = {Mumbai},
  edition      = 3
}


