%
% literature.bib
% version:            1.00
% author:             Stephan Chalup
% 
@INPROCEEDINGS{ADearle,
    AUTHOR = "Alan Dearle and Graham N. C. Kirby and Ron Morrison",
    BOOKTITLE = "Object Databases",
    TITLE = "Orthogonal Persistence Revisited",
    YEAR = "2010",
    editor = "Gerhard Goos, Juris Hartmanis and Jan van Leeuwen",
    volume = "5936",
    pages = "1--22",
    publisher = "Springer"
}
@ARTICLE{Atkinson,
    author = {Malcolm Atkinson and Ronald Morrison},
    title = {Orthogonally Persistent Object Systems},
    journal = {VLDB JOURNAL},
    year = {1995},
    volume = {4},
    pages = {319--401}
}
@MISC{Wiki,
    AUTHOR = "ArchLinux",
    TITLE = "Suspend and Hibernate",
    MONTH = "August",
    YEAR = "2013",
    howpublished = {\url{https://wiki.archlinux.org/index.php/SuspendandHibernate}},
    note = {Accessed: 2013-10-26}
}
@INPROCEEDINGS{PCPM,
    AUTHOR = "Korn, David and Huang, Robert and Beavers, David and Bolioli, Terra and Walker, Mike",
    TITLE = {Power Management of Computers},
    BOOKTITLE = {IEEE International Symposium on Electronics and the Environment},
    YEAR = {2004}
}
@INPROCEEDINGS{WOL,
    AUTHOR = {Francisco Macia-Perez and Juan Antonio Gil-Matinez-Abarca and Hector Ramod-Morillo and Francisco J.~Mora-Gimeno and Diego Marcos-Jorquera and Virgilo Gilart-Iglesias},
    TITLE = {Wake on LAN Over the Internet as Web Service System on Chip},
    BOOKTITLE = {Industrial Electronics, IEEE Transactions on  (Volume:58 ,  Issue: 3 )},
    YEAR = {2011},
    MONTH = {March}
}
@INPROCEEDINGS{ACPI,
    AUTHOR = {Hewlet-Packard and Intel and Microsoft and {Phoenix Technologies} and Toshiba},
    TITLE = {Advanced Configuration and Power Interface Specification},
    YEAR = {2011},
    MONTH = {December}
}
@INPROCEEDINGS{XML,
    AUTHOR = {Saud Alagic and Mark Royer and David Briggs},
    TITLE = {Verification Theories for XML Schema},
    BOOKTITLE = {Lecture Notes in Computer Science Volume 4042},
    PAGES = {262-265},
    YEAR={2006}
}
@INPROCEEDINGS{Databases,
    AUTHOR = {Ling Liu and Tamer Ozsu},
    BOOKTITLE = {Encyclopedia of Database Systems},
    TITLE = {Volume 5},
    YEAR = {2009}
}
@MISC{Grasshopper,
    author = {Alan Dearle and Rex di Bona and James Farrow and Frans Henskens and Anders Lindström and John Rosenberg and Francis Vaughan},
    title = {Grasshopper: An orthogonally persistent operating system},
    year = {1994}
}
@INPROCEEDINGS{persistenceandjava,
    AUTHOR= {Malcolm Atkinson},
    TITLE = {Persistence and Java — A Balancing Act},
    COUNTRY = {Scotland},
    BOOKTITLE = {Objects and Databases},
    PUBLISHER = { Springer-Verlag},
    YEAR = {2001}
}
@INPROCEEDINGS{psalgol,
    AUTHOR = {Malcolm Atkinson and P.J. Bailey and K.J. Chisholm and Ron Morrison},
    TITLE = {PS-Algol: A Language for Persistent Programming},
    BOOKTITLE = {10th Australian National Computer Conference},
    CITY = {Melbourne},
    COUNTRY = {Australia},
    PAGES = {70,79},
    YEAR = {1983}
}
@TECHREPORT{napier,
    author = {Release July Ron and Ron Morrison and Fred Brown and Richard Connor and Quintin Cutts and Alan Dearle and Graham Kirby and Dave Munro},
    title = {Napier88 Reference Manual},
    institution = {},
    year = {1996}
}
@INPROCEEDINGS{hibernateORM,
    AUTHOR = {Chuanlong Xia and Guangcan Yu and Meng Tang},
    TITLE = {Efficient implement of ORM (Object/Relational Mapping) use in J2EE Framework: Hibernate},
    COUNTRY = {China},
    YEAR = {2009},
    PUBLISHER = {IEEE}
}
@TECHREPORT{persistentjavasystem,
    author = {Chandrasekhar Boyapati},
    title = {JPS: A Distributed Persistent Java System},
    institution = {MASSACHUSETTS INSTITUTE OF TECHNOLOGY},
    year = {1998}
}
@MISC{linqsql,
    AUTHOR = {Dinesh Kulkarni and Luca Bolognese and Matt Warren and Anders Hejlsberg and Kit George},
    YEAR = {2007},
    MONTH = {MARCH},
    TITLE = {LINQ to SQL: .NET Language-Integrated Query for Relational Data},
    NOTE = {Accessed: 2013-10-30},
    HOWPUBLISHED = {\url{http://msdn.microsoft.com/en-gb/library/bb425822.aspx}}
}
@MISC{versioning,
    AUTHOR = {{Apple Inc.}},
    YEAR = {2013},
    MONTH = {September},
    NOTE = {Accessed: 2013-11-1},
    HOWPUBLISHED = {\url{http://support.apple.com/kb/ht4753}},
    TITLE = {{OS X Lion}: About Auto Save and Version}
}
@MISC{journaling,
    AUTHOR = {{Apple Inc.}},
    YEAR = {2008},
    MONTH = {July},
    NOTE = {Accessed: 2013-11-1},
    HOWPUBLISHED = {\url{http://support.apple.com/kb/HT2355}},
    TITLE = {{Mac OS X}: About file system journaling}
}
@MISC{safesleep,
    AUTHOR = {{Apple Inc.}},
    YEAR = {2013},
    MONTH = {October},
    NOTE = {Accessed: 2013-11-1},
    HOWPUBLISHED = {\url{http://support.apple.com/kb/PH14104}},
    TITLE = {{OS X Mavericks}: What is safe sleep?}
}
@MISC{windowssleepandhibernation,
    AUTHOR = {{Microsoft}},
    YEAR = {2013},
    NOTE = {Accessed:2013-10-4},
    HOWPUBLISHED = {\url{http://windows.microsoft.com/en-au/windows7/sleep-and-hibernation-frequently-asked-questions}},
    TITLE = {Sleep and hibernation: frequently asked questions}
}
@INPROCEEDINGS{coexistence,
    AUTHOR = {Frans Henskens and Maurice Ashton},
    TITLE = {Co-existence of Transaction and Non Transaction-Managed Activity in a Persistent Object Store},
    STATE = {NSW},
    YEAR = {2005},
    MONTH = {August},
    PUBLISHER = {IEEE Computer Society}
}

@INPROCEEDINGS{grasshopperkernel,
    author = {Anders Lindström and Rex Di Bona and Alan Dearle and Stephen Norris and John Rosenberg and Francis Vaughan},
    title = {Persistence in the Grasshopper Kernel},
    booktitle = {in Proceedings of 18th Australasian Computer Science Conference},
    year = {1995},
    pages = {32933--8}
}
@INPROCEEDINGS{checkpointing,
    AUTHOR = {Swagatika Prusty},
    TITLE = {Checkpointing and Rollback Recovery in Distributed Systems},
    YEAR = {2009},
    MONTH = {April}
}
@INPROCEEDINGS{Dearle92anexamination,
    author = {Alan Dearle and John Rosenberg and Frans Henskens and Francis Vaughan and Kevin Maciunast},
    title = {An Examination of Operating System Support for Persistent Object Systems},
    booktitle = {in Proceedings of 25th Hawaii International Conference on System Sciences, Poipu Beach, Kauaii},
    year = {1992},
    pages = {779--789}
}
@techreport{Kakkad:1998:ATS:899484,
     author = {Kakkad, Sheetal V.},
     title = {Address Translation and Storage Management for Persistent Object Stores},
     year = {1998},
     source = {http://www.ncstrl.org:8900/ncstrl/servlet/search?formname=detail\&id=oai%3Ancstrlh%3Autexas_cs%3AUTEXAS_CS%2F%2FCS-TR-98-07},
     publisher = {University of Texas at Austin},
     address = {Austin, TX, USA},
} 
@TECHREPORT{EMC,
    AUTHOR = {Salvatore Salamone},
    TITLE = {EMC Tackles Data Longevity Management},
    YEAR = {2002},
    SOURCE = {\url{http://www.bio-itworld.com/archive/061202/emc/}}
}
@ARTICLE{nested-transactions, 
author={Ries, D.R. and Smith, G.C.}, 
journal={Software Engineering, IEEE Transactions on}, 
title={Nested Transactions in Distributed Systems}, 
year={1982}, 
volume={SE-8}, 
number={3}, 
pages={167-172}, 
keywords={Deadlock;distributed database systems;nested transactions;network operating systems;transactions;Computer crashes;Control systems;Database systems;File systems;Hardware;Network operating systems;Operating systems;Protocols;System recovery;Transaction databases;Deadlock;distributed database systems;nested transactions;network operating systems;transactions}, 
doi={10.1109/TSE.1982.235104}, 
ISSN={0098-5589},}
@INPROCEEDINGS{managing-concurrent-access, 
author={Lumetta, S.S. and Culler, D.E.}, 
booktitle={Parallel Processing Symposium, 1998. IPPS/SPDP 1998. Proceedings of the First Merged International ... and Symposium on Parallel and Distributed Processing 1998}, 
title={Managing concurrent access for shared memory active messages}, 
year={1998}, 
pages={272-278}, 
keywords={concurrency control;data structures;message passing;parallel algorithms;shared memory systems;synchronisation;Clumps;Sun Enterprise 5000 server;application performance;concurrent access algorithms;concurrent access management;data structure;lock free algorithm;message queues;microbenchmarks;non blocking algorithms;non blocking behavior;shared memory active messages;shared memory message passing systems;symmetric multiprocessors;synchronization;Access protocols;Computer science;Data structures;Delay effects;File servers;Memory management;Operating systems;Parallel programming;Sun;System testing}, 
doi={10.1109/IPPS.1998.669925}, 
ISSN={1063-7133},}
@book{database-systems,
    author = {Thomas Connolly and Carolyn Begg},
    booktitle = {Database Systems},
    title = {A Practical Approach to Design, Implementation, and Management},
    edition = {5},
    year = {2010},
    publisher = {{Pearson Education, Inc}},
    city = {Boston}
}
@INPROCEEDINGS{Pessimistic, 
author={Nystrom, D. and Nolin, M. and Tesanovic, A. and Norstrdm, C. and Hansson, J.}, 
booktitle={Real-Time Systems, 2004. ECRTS 2004. Proceedings. 16th Euromicro Conference on}, 
title={Pessimistic concurrency control and versioning to support database pointers in real-time databases}, 
year={2004}, 
pages={261-270}, 
keywords={concurrency control;configuration management;formal verification;real-time systems;relational databases;transaction processing;concurrency control;database lock;database management system;database pointer;formally verification;real-time database;real-time system;relational database;resource constraint;safety critical system;versioning;Concurrency control;Control systems;Database systems;Frequency;Real time systems;Relational databases;Resource management;Safety;Transaction databases;Vehicles}, 
doi={10.1109/EMRTS.2004.1311029}, 
ISSN={1068-3070},}

@misc{pessimistic-vs-optimistic,
    type = {topic},
    title = {{PESSIMISTIC} vs. {OPTIMISTIC} concurrency control},
    howpublished = {\url{http://publib.boulder.ibm.com/infocenter/soliddb/v6r3/topic/com.ibm.swg.im.soliddb.sql.doc/doc/pessimistic.vs.optimistic.concurrency.control.html}},
    abstract = {{solidDB} offers two different concurrency control mechanisms, pessimistic and optimistic.},
    language = {en-us},
    year = {2013},
    Note = {Accessed: 2013-11-21},
    keywords = {concurrency control, locking, mode, optimistic, optimistic locking, pessimistic, pessimistic locking, {PESSIMISTIC} vs. {OPTIMISTIC}},
    author = {IBM},
}